<?xml version="1.0" encoding="UTF-8"?><collection xmlns="http://www.loc.gov/MARC21/slim"><record><leader>00498nam--2200169-i-4500</leader><controlfield tag="001">000003165</controlfield><controlfield tag="002">20161230</controlfield><controlfield tag="005">20161230201025</controlfield><controlfield tag="008">060222s1000------------r-----000-0-eng-d</controlfield><datafield ind1=" " ind2=" " tag="100"><subfield code="a">Dixmier, Jacques</subfield></datafield><datafield ind1=" " ind2=" " tag="245"><subfield code="a">Les algebres d operateurs dans l espace hilbertien (algebres de von neumann)</subfield></datafield><datafield ind1=" " ind2=" " tag="260"><subfield code="a">Paris, Gauthier-villars, 1957</subfield></datafield><datafield ind1=" " ind2=" " tag="300"><subfield code="a">VI+367P</subfield></datafield><datafield ind1=" " ind2=" " tag="490"><subfield code="a">Cahiers Scientifiques</subfield><subfield code="v">Fascicule XXV</subfield></datafield><datafield ind1=" " ind2=" " tag="700"><subfield code="a">Jaques Diximier</subfield></datafield><datafield ind1=" " ind2=" " tag="852"><subfield code="a">12645</subfield><subfield code="c">513.83</subfield></datafield><datafield ind1=" " ind2=" " tag="CAT"><subfield code="a">Sys</subfield><subfield code="c">20080605</subfield><subfield code="h">115715</subfield></datafield></record></collection>